@InProceedings{seamcarving,
  author = 	 {Avidan, S. and Shamir, A.},
  title = 	 {Seam carving for content-aware image resizing},
  booktitle = {ACM Trans. Graphics},
  year = 	 2007,
  volume = 	 26,
  number = 	 3,
  pages = 	 10}


